
    @article{Slate:2004iibacadaeafagahaia,
        author = {Slate, J and David, P and Dodds, K G and Veenvliet, B A and Glass, B C and Broad, T E and McEwan, J C},
        title = {{Understanding the relationship between the inbreeding coefficient and multilocus heterozygosity: theoretical expectations and empirical data}},
        journal = {Heredity},
        year = {2004},
        volume = {93},
        number = {3},
        pages = {255},
        month = sep
    }

@article{pierce2005classification,
  title={Classification of gasoline data obtained by gas chromatography using a piecewise alignment algorithm combined with feature selection and principal component analysis},
  author={Pierce, Karisa M and Hope, Janiece L and Johnson, Kevin J and Wright, Bob W and Synovec, Robert E},
  journal={Journal of Chromatography A},
  volume={1096},
  number={1},
  pages={101--110},
  year={2005},
  publisher={Elsevier}
}

@article{stoffel2015chemical,
  title={Chemical fingerprints encode mother--offspring similarity, colony membership, relatedness, and genetic quality in fur seals},
  author={Stoffel, Martin A and Caspers, Barbara A and Forcada, Jaume and Giannakara, Athina and Baier, Markus and Eberhart-Phillips, Luke and M{\"u}ller, Caroline and Hoffman, Joseph I},
  journal={Proceedings of the National Academy of Sciences},
  volume={112},
  number={36},
  pages={E5005--E5012},
  year={2015},
  publisher={National Acad Sciences}
}

@article{smith2006xcms,
  title={XCMS: processing mass spectrometry data for metabolite profiling using nonlinear peak alignment, matching, and identification},
  author={Smith, Colin A and Want, Elizabeth J and O'Maille, Grace and Abagyan, Ruben and Siuzdak, Gary},
  journal={Analytical chemistry},
  volume={78},
  number={3},
  pages={779--787},
  year={2006},
  publisher={ACS Publications}
}

@article{stein1999integrated,
  title={An integrated method for spectrum extraction and compound identification from gas chromatography/mass spectrometry data},
  author={Stein, Stephen E},
  journal={Journal of the American Society for Mass Spectrometry},
  volume={10},
  number={8},
  pages={770--781},
  year={1999},
  publisher={Elsevier}
}

@article{charpentier2008smelling,
  title={Smelling right: the scent of male lemurs advertises genetic quality and relatedness},
  author={Charpentier, Marie JE and Boulet, MarylENe and Drea, Christine M},
  journal={Molecular Ecology},
  volume={17},
  number={14},
  pages={3225--3233},
  year={2008},
  publisher={Wiley Online Library}
}

@article{setchell2010odour,
  title={Odour signals major histocompatibility complex genotype in an Old World monkey},
  author={Setchell, Joanna M and Vaglio, Stefano and Abbott, Kristin M and Moggi-Cecchi, Jacopo and Boscaro, Francesca and Pieraccini, Giuseppe and Knapp, Leslie A},
  journal={Proceedings of the Royal Society of London B: Biological Sciences},
  pages={rspb20100571},
  year={2010},
  publisher={The Royal Society}
}

@article{whittaker2010songbird,
  title={Songbird chemosignals: volatile compounds in preen gland secretions vary among individuals, sexes, and populations},
  author={Whittaker, Danielle J and Soini, Helena A and Atwell, Jonathan W and Hollars, Craig and Novotny, Milos V and Ketterson, Ellen D},
  journal={Behavioral Ecology},
  volume={21},
  number={3},
  pages={608--614},
  year={2010},
  publisher={ISBE}
}

@article{leclaire2012semiochemical,
  title={Semiochemical compounds of preen secretion reflect genetic make-up in a seabird species},
  author={Leclaire, Sarah and Merkling, Thomas and Raynaud, Christine and Mulard, Herv{\'e} and Bessi{\`e}re, Jean-Marie and Lhuillier, {\'E}meline and Hatch, Scott A and Danchin, {\'E}tienne},
  journal={Proceedings of the Royal Society of London B: Biological Sciences},
  volume={279},
  number={1731},
  pages={1185--1193},
  year={2012},
  publisher={The Royal Society}
}

@article{robinson2007dynamic,
  title={A dynamic programming approach for the alignment of signal peaks in multiple gas chromatography-mass spectrometry experiments},
  author={Robinson, Mark D and De Souza, David P and Keen, Woon W and Saunders, Eleanor C and McConville, Malcolm J and Speed, Terence P and Liki{\'c}, Vladimir A},
  journal={BMC bioinformatics},
  volume={8},
  number={1},
  pages={419},
  year={2007},
  publisher={BioMed Central Ltd}
}

@article{caspers2011scents,
  title={Scents of adolescence: the maturation of the olfactory phenotype in a free-ranging mammal},
  author={Caspers, Barbara A and Schroeder, Frank C and Franke, Stephan and Voigt, Christian C},
  journal={PloS one},
  volume={6},
  number={6},
  pages={e21162},
  year={2011},
  publisher={Public Library of Science}
}

@article{theis2013symbiotic,
  title={Symbiotic bacteria appear to mediate hyena social odors},
  author={Theis, Kevin R and Venkataraman, Arvind and Dycus, Jacquelyn A and Koonter, Keith D and Schmitt-Matzen, Emily N and Wagner, Aaron P and Holekamp, Kay E and Schmidt, Thomas M},
  journal={Proceedings of the National Academy of Sciences},
  volume={110},
  number={49},
  pages={19832--19837},
  year={2013},
  publisher={National Acad Sciences}
}
